@online{Python,
	author={Python Software Foundation},
	year=2020,
	title={{Python Tutorial} Classes},
	url={https://docs.python.org/3/tutorial/classes.html}
},
@misc{ wiki:xxx,
    author = "{Wikipedia contributors}",
    title = "Object-oriented programming --- {Wikipedia}{,} The Free Encyclopedia",
    year = "2020",
    url = "https://en.wikipedia.org/w/index.php?title=Object-oriented_programming&oldid=940209067",
    note = "[Online; accessed 4-March-2020]"
  }
